@unpublished{GaudeckerEconProjectTemplates,
  author = {Hans-Martin von Gaudecker},
  note   = {\url{https://doi.org/10.5281/zenodo.2533241}},
  title  = {Templates for Reproducible Research Projects in Economics},
  year   = {2019}
}

@book{huang2022applied,
  title={Applied Time Series Analysis and Forecasting with Python},
  author={Huang, Changquan and Petukhina, Alla},
  year={2022},
  publisher={Springer Nature}
}

@Unpublished{Raabe2020,
    Title  = {A Python tool for managing scientific workflows.},
    Author = {Tobias Raabe},
    Year   = {2020},
    Url    = {https://github.com/pytask-dev/pytask}
}